@MISC{REF::VIEIRA::2000,
    author = {{Vieira}, Jos{\' e}~R.},
    title = "{Milky Way Outline Catalogs}",
    year = 2000,
    howpublished = "{Available on the Web: http://www.skymap.com/milkyway\_cat.htm}",
    url = "{http://www.skymap.com/milkyway\_cat.htm}"
}

@ARTICLE{REF::STECKER::SSR1996,
    author = {{Stecker}, F.~W. and {de Jager}, O.~C.},
    title = "{Absorption of High Energy Gamma-Ray by Low Energy Intergalactic Photons}",
    journal = {\ssr},
    year = 1996,
    month = jan,
    volume = 75,
    pages = {401-412}
}

@ARTICLE{REF::VASSILIEV::AP2000,
    author = {{Vassiliev}, V.~V.},
    title = "{Extragalactic background light absorption signal in the TeV gamma-ray spectra of blazars.}",
    journal = {\app},
    year = 2000,
    month = jan,
    volume = 12,
    pages = {217-238}
}
 
@ARTICLE{REF::STECKER::APJ1992,
    author = {{Stecker}, F.~W. and {de Jager}, O.~C. and {Salamon}, M.~H.},
    title = "{TeV gamma rays from 3C 279 - A possible probe of origin and intergalactic infrared radiation fields}",
    journal = {\apj},
    year = 1992,
    month = may,
    volume = 390,
    pages = {L49-L52}
}

@ARTICLE{REF::STECKER_DEJAGER::AA1998,
    author = {{Stecker}, F.~W. and {de Jager}, O.~C.},
    title = "{Absorption of very high energy gamma-rays by intergalactic infared radiation: A new determination}",
    journal = {\aap},
    year = 1998,
    month = jun,
    volume = 334,
    pages = {L85-L87}
}

@ARTICLE{REF::SALAMON_STECKER::APJ1998,
    author = {{Salamon}, M.~H. and {Stecker}, F.~W.},
    title = "{Absorption of High-Energy Gamma Rays by Interactions with Extragalactic Starlight Photons at High Redshifts and the High-Energy Gamma-Ray Background}",
    journal = {\apj},
    year = 1998,
    month = jan,
    volume = 493,
    pages = {547-}
}

@ARTICLE{REF::NIKISHOV::JETP1961,
    author = {{Nikishov}, A.~I.},
    title = "{Absorption of High-Enegy Photons in the Universe}",
    journal = {Soviet Physics JETP},
    year = 1961,
    month = feb,
    volume = 14,
    number = 2,
    pages = {393-394}
}

@ARTICLE{REF::JELLEY::PRL1966,
    author = {{Jelley}, J.~V.},
    title = "{High-Energy $\gamma$-Ray Absorption in Space by a 3.5$^\circ$K Microwave Field}",
    journal = {\prl},
    month = mar,
    year = 1966,
    volume = 16,
    number = 11,
    pages = {479-481}
}

@ARTICLE{REF::GOULD_SCHREDER::PR1967,
    author = {{Gould}, R.~J. and {Schr{\'e}der}, G.},
    title = "{Opacity of the Universe to High-Energy Photons}",
    journal = {\pr},
    month = mar,
    year = 1967,
    volume = 155,
    number = 5,
    pages = {1408-1411}
}

@ARTICLE{REF::GOULD_SCHREDER::PRL1966,
    author = {{Gould}, R.~J. and {Schr{\'e}der}, G.},
    title = "{Opacity of the Universe to High-Energy Photons}",
    journal = {\prl},
    month = feb,
    year = 1966,
    volume = 16,
    number = 6,
    pages = {252-254}
}

@BOOK{REF::JELLEY::BOOK1958,
    author = {{Jelley}, J.~V.},
    title = "{\v Cerenkov Radiation and its Applications}",
    publisher = {Pergamon Press},
    year = 1958
}

@ARTICLE{REF::REYNOLDS::APJ1993,
    author = {{Reynolds}, P.~T. and others},
    title = "{Survey of candidate gamma-ray sources at TeV energies using a high-resolution Cerenkov imaging system - 1988-1991}",
    journal = {\apj},
    year = 1993,
    month = feb,
    volume = 404,
    pages = {206-218}
 }

@ARTICLE{REF::WEEKES::AP2002,
    author = {{Weekes}, T.~C. and others},
    title = "{VERITAS: the Very Energetic Radiation Imaging Telescope Array System}",
    journal = {\app},
    year = 2002,
    month = may,
    volume = 17,
    pages = {221-243}
}

@BOOK{REF::WEEKES:BOOK2003,
    author = {{Weekes}, T.~C.},
    title = "{Very high energy gamma-ray astronomy}",
    series = {IoP Series in astronomy and astrophysics},
    note = {ISBN 0750306580},
    address = {Bristol, UK},
    publisher = {The Institute of Physics Publishing},
    year = 2003,
}

@ARTICLE{REF::FEGAN::SSR1996,
    author = {{Fegan}, D.~J.},
    title = "{The Art and Power of Cerenkov Imaging}",
    journal = {\ssr},
    year = 1996,
    month = jan,
    volume = 75,
    pages = {137-151}
}

@ARTICLE{REF::PUNCH::NATURE1992,
    author = {{Punch}, M. and others},
    title = "{Detection of TeV photons from the active galaxy Markarian 421}",
    journal = {\nat},
    year = 1992,
    month = aug,
    volume = 358,
    pages = {477}
}

@ARTICLE{REF::FERMI::PR1949,
    author = {{Fermi}, E.},
    title = "{On the Origin of the Cosmic Radiation}",
    journal = {\pr},
    year = 1949,
    volume = 75,
    pages = {1169-1174}
}

@BOOK{REF::GINZBURG::BOOK1964,
    author = {{Ginzburg}, V.~L. and {Syrovatskii}, S.~I.},
    title = "{The Origin of Cosmic Rays}",
    publisher = {Macmillan},
    address = {New York},
    year = 1964
}

@ARTICLE{REF::RUDERMAN_SUTHERLAND::APJ1975,
    author = {{Ruderman}, M.~A. and {Sutherland}, P.~G.},
    title = "{Theory of pulsars - Polar caps, sparks, and coherent microwave radiation}",
    journal = {\apj},
    year = 1975,
    month = feb,
    volume = 196,
    pages = {51-72}
}

@ARTICLE{REF::FEGAN::NIM1983,
    author = {{Fegan}, D.~J. and others},
    title = "{Fast large aperture camera and data acquisition system with applications in astrophysics, particle physics and nuclear medicine}",
    journal = {\nim},
    year = 1983,
    month = jun,
    volume = 211,
    number = 1,
    pages = {179-191}
}

@ARTICLE{REF::SCHONFELDER::AAS2000,
    author = {{Sch{\" o}nfelder}, V. and others},
    title = "{The first COMPTEL source catalogue}",
    journal = {\aaps},
    year = 2000,
    month = apr,
    volume = 143,
    pages = {145-179}
}

@ARTICLE{REF::HALPERN::APJ2001::2016,
    author = {{Halpern}, J.~P. and {Eracleous}, M. and {Mukherjee}, R. and 
	{Gotthelf}, E.~V.},
    title = "{3EG J2016+3657: Confirming an EGRET Blazar behind the Galactic Plane}",
    journal = {\apj},
    year = 2001,
    month = apr,
    volume = 551,
    pages = {1016-1023}
}

@INPROCEEDINGS{REF::ROWELL::ICRC2003,
    author = {{Rowell}, G. and others},
    title = "{TeV Observations of Selected GeV Sources with the HEGRA IACT-System}",
    location = {Tsukuba, Japan},
    year = 2003,
    booktitle = {Proc. 28th International Cosmic Ray Conference},
    publisher = {Universal Acadamy Press, Inc.},
    pages = {2329-2332}
}

@ARTICLE{REF::MIRABAL::APJ2000,
    author = {{Mirabal}, N. and {Halpern}, J.~P. and {Eracleous}, M. and {Becker}, R.~H.},
    title = "{Search for the Identification of 3EG J1835+5918: Evidence for a New Type of High-Energy Gamma-Ray Source}",
    journal = {\apj},
    year = 2000,
    month = sep,
    volume = 541,
    pages = {180-193}
}

@ARTICLE{REF::MIRABAL::APJ2001,
    author = {{Mirabal}, N. and {Halpern}, J.~P.},
    title = "{A Neutron Star Identification for the High-Energy Gamma-Ray Source 3EG J1835+5918 Detected in the ROSAT All-Sky Survey}",
    journal = {\apj},
    year = 2001,
    month = feb,
    volume = 547,
    pages = {L137-L140}
}

@ARTICLE{REF::HALPERN::APJ2002,
    author = {{Halpern}, J.~P. and {Gotthelf}, E.~V. and {Mirabal}, N. and {Camilo}, F.},
    title = "{The Next Geminga: Deep Multiwavelength Observations of a Neutron Star Identified with 3EG J1835+5918}",
    journal = {\apj},
    year = 2002,
    month = jul,
    volume = 573,
    pages = {L41-L44}
}

@INPROCEEDINGS{REF::REIMER::NSPS2002,
    author = {{Reimer}, O. and others},
    title = "{Chasing the second gamma-ray bright isolated neutron star: 3EG J1835+5918/RX J1836.2+5925}",
    booktitle = {Neutron Stars, Pulsars, and Supernova Remnants},
    year = 2002,
    pages = {100-}
}

@ARTICLE{REF::GAENSLER::APJ2003,
    author = {{Gaensler}, B.~M. and others},
    title = "{XMM-Newton Observations of PSR B1823-13: An Asymmetric Synchrotron Nebula around a Vela-like Pulsar}",
    journal = {\apj},
    year = 2003,
    month = may,
    volume = 588,
    pages = {441-451}
}

@INPROCEEDINGS{REF::HALL::ICRC2003,
    author = {{Hall}, T.~A. and others},
    title = "{Very High Energy Observations Of PSR B1823$-$13}",
    location = {Tsukuba, Japan},
    year = 2003,
    booktitle = {Proc. 28th International Cosmic Ray Conference},
    publisher = {Universal Acadamy Press, Inc.},
    pages = {2497-2500}
}

@INPROCEEDINGS{REF::HALL::ICRC2001,
    author = {{Hall}, T.~A. and others},
    title = "{Observations of galactic pulsars and supernova remnants with the Whipple 10\,m Imaging Atmospheric Cherenkov Telescope}",
    location = {Hamburg, Germany},
    year = 2001,
    booktitle = {Proc. 27th International Cosmic Ray Conference},
    publisher = {Copernicus Gesellschaft},
    pages = {2485-2488}
}

@ARTICLE{REF::FICHTEL::APJS1994,
    author = {{Fichtel}, C.~E. and others},
    title = "{The first energetic gamma-ray experiment telescope (EGRET) source catalog}",
    journal = {\apjs},
    year = 1994,
    month = oct,
    volume = 94,
    pages = {551-581}
}

@ARTICLE{REF::STURNER_DERMER::AA1995,
    author = {{Sturner}, S.~J. and {Dermer}, C.~D.},
    title = "{Association of unidentified, low latitude EGRET sources with supernova remnants.}",
    journal = {\aap},
    year = 1995,
    month = jan,
    volume = 293,
    pages = {L17-L20}
}

@ARTICLE{REF::ODEGARD::AJ1986,
    author = {{Odegard}, N.},
    title = "{57.5 MHz observations of extended nonthermal sources in the galactic plane}",
    journal = {\aj},
    year = 1986,
    month = dec,
    volume = 92,
    pages = {1372-1380}
}

@ARTICLE{REF::KASSIM::APJ1989,
    author = {{Kassim}, N.~E. and {Weiler}, K.~W. and {Erickson}, W.~C. and {Wilson}, T.~L.},
    title = "{Improved estimates of galactic H II region emission measures and filling factors - Low-frequency VLA observations near Sharpless 53}",
    journal = {\apj},
    year = 1989,
    month = mar,
    volume = 338,
    pages = {152-161}
}

@ARTICLE{REF::BOHRINGER::APJS2000,
    author = {{B{\" o}hringer}, H. and others},
    title = "{The Northern ROSAT All-Sky (NORAS) Galaxy Cluster Survey. I. X-Ray Properties of Clusters Detected as Extended X-Ray Sources}",
    journal = {\apjs},
    year = 2000,
    month = aug,
    volume = 129,
    pages = {435-474}
}

@ARTICLE{REF::COLAFRANCESCO::AA2002,
    author = {{Colafrancesco}, S.},
    title = "{First gamma-rays from galaxy clusters. Preliminary evidence of the association of galaxy clusters with EGRET unidentified gamma-ray sources}",
    journal = {\aap},
    year = 2002,
    month = dec,
    volume = 396,
    pages = {31-51}
}

@INPROCEEDINGS{REF::LESSARD::ICRC1999,
    author = {{Lessard}, R.~W. and others},
    title = "{Search for TeV Gamma-Rays from Shell-Type Supernova Remnants}",
    location = {Salt Lake City, Utah},
    year = 1999,
    booktitle = {Proc. 26th International Cosmic Ray Conference},
    editor = {{Dingus} and {Salamon} and {Kieda}},
    volume = 3,
    pages = 488
}

@ARTICLE{REF::MELNIK::AL1995,
    author = {{Mel'Nik}, A.~M. and {Efremov}, Y.~N.},
    title = "{A new list of OB associations in our galaxy}",
    journal = {\al},
    year = 1995,
    month = jan,
    volume = 21,
    pages = {10-26}
}

@ARTICLE{REF::CRUZ-GONZALEZ::RMAA1974,
    author = {{Cruz-Gonz\'{a}lez}, C. and others},
    title = "{A catalogue of galactic O stars. The ionization of the low density interstellar medium by runaway stars.}",
    journal = {\rmxaa},
    year = 1974,
    month = nov,
    volume = 1,
    pages = {211-259}
}

@INPROCEEDINGS{REF::LUCARELLI::HEGR2001,
    author = {{Lucarelli}, F. and others},
    title = "{Observations of the Monoceros/Rosette Nebula with the HEGRA System of IACTs}",
    booktitle = {High Energy Gamma-Ray Astronomy},
    year = 2001,
    pages = {779-}
}

@ARTICLE{REF::KAARET::APJ1999,
    author = {{Kaaret}, P. and {Piraino}, S. and {Halpern}, J. and {Eracleous}, M.
	},
    title = "{Discovery of a Hard X-Ray Source, SAX J0635+0533, in the Error Box of the Gamma-Ray Source 2EG 0635+0521}",
    journal = {\apj},
    year = 1999,
    month = sep,
    volume = 523,
    pages = {197-202}
}

@ARTICLE{REF::JAFFE::APJ1997,
    author = {{Jaffe}, T.~R. and {Bhattacharya}, D. and {Dixon}, D.~D. and 
	{Zych}, A.~D.},
    title = "{Evidence for Extended High Energy Gamma-Ray Emission from the Rosette/Monoceros Region}",
    journal = {\apj},
    year = 1997,
    month = aug,
    volume = 484,
    pages = {L129}
}

@ARTICLE{REF::LAURENT_MUEHLEISEN::AAS1997,
    author = {{Laurent-Muehleisen}, S.~A. and others},
    title = "{Radio-loud active galaxies in the northern ROSAT All-Sky Survey. I. Radio identifications}",
    journal = {\aaps},
    year = 1997,
    month = apr,
    volume = 122,
    pages = {235-247}
}

@MISC{REF::DINGUS::PRIVATE2001,
    author = {{Dingus}, B.~L.},
    year = 2001,
    howpublished = "{private communication}"
}

@ARTICLE{REF::HALPERN::AJ2003,
    author = {{Halpern}, J.~P. and {Eracleous}, M. and {Mattox}, J.~R.},
    title = "{Redshifts of Candidate Gamma-Ray Blazars}",
    journal = {\aj},
    year = 2003,
    month = feb,
    volume = 125,
    pages = {572-579}
}

@INPROCEEDINGS{REF::WALLACE::GAMMA2001,
    author = {{Wallace}, P.~M. and {Eracleous}, M. and {Foreman}, J.~V. and 
	{Halpern}, J.~P. and {Reimer}, O. and {Thompson}, D.~J.},
    title = "{Multiwavelength Observations of 3EG J2006-2321 and 3EG J0433+2908}",
    booktitle = {AIP Conf. Proc. 587: Gamma 2001: Gamma-Ray Astrophysics},
    year = 2001,
    pages = {319-}
}

@ARTICLE{REF::PUNSLEY::APJ1999,
    author = {{Punsly}, B.},
    title = "{Possible New X-Ray-selected EGRET Identifications}",
    journal = {\apj},
    year = 1999,
    month = may,
    volume = 516,
    pages = {141-144}
}

@ARTICLE{REF::MATTOX::APJS2001,
    author = {{Mattox}, J.~R. and {Hartman}, R.~C. and {Reimer}, O.},
    title = "{A Quantitative Evaluation of Potential Radio Identifications for 3EG EGRET Sources}",
    journal = {\apjs},
    year = 2001,
    month = aug,
    volume = 135,
    pages = {155-175}
}

@ARTICLE{REF::MASSI::AA2001,
    author = {{Massi}, M. and others},
    title = "{One-sided jet at milliarcsecond scales in LSI~+61$^\circ$303}",
    journal = {\aap},
    year = 2001,
    month = sep,
    volume = 376,
    pages = {217-223}
} 

@ARTICLE{REF::PAREDES::AA1997,
    author = {{Paredes}, J.~M. and {Marti}, J. and {Peracaula}, M. and {Ribo}, M.},
    title = "{Evidence of X-ray periodicity in LSI~+61$^\circ$303.}",
    journal = {\aap},
    year = 1997,
    month = apr,
    volume = 320,
    pages = {L25-L28}
}


@ARTICLE{REF::GREGORY::APJ1999,
    author = {{Gregory}, P.~C. and {Peracaula}, M. and {Taylor}, A.~R.},
    title = "{Bayesian Periodic Signal Detection. II. Discovery of Periodic Phase Modulation in LS I +61 deg303 Radio Outbursts}",
    journal = {\apj},
    year = 1999,
    month = jul,
    volume = 520,
    pages = {376-390}
}

@ARTICLE{REF::TAYLOR_GREGORY::APJ1982,
    author = {{Taylor}, A.~R. and {Gregory}, P.~C.},
    title = "{Periodic radio emission from LS I +61 deg 303}",
    journal = {\apj},
    year = 1982,
    month = apr,
    volume = 255,
    pages = {210-216}
}

@ARTICLE{REF::GREGORY_NEISH::APJ2002,
    author = {{Gregory}, P.~C. and {Neish}, C.},
    title = "{Density and Velocity Structure of the Be Star Equatorial Disk in the Binary LS I +61$^\circ$303, a Probable Microquasar}",
    journal = {\apj},
    year = 2002,
    month = dec,
    volume = 580,
    pages = {1133-1148}
}

@ARTICLE{REF::GREGORY::AJ1979,
    author = {{Gregory}, P.~C. and others},
    title = "{The radio, optical, X-ray, gamma-ray star LSI~+61$^\circ$303}",
    journal = {\aj},
    year = 1979,
    month = jul,
    volume = 84,
    pages = {1030-1036}
}

@ARTICLE{REF::GREGORY_TAYLOR::NATURE1978,
    author = {{Gregory}, P.~C. and {Taylor}, A.~R.},
    title = "{New highly variable radio source, possible counterpart of gamma-ray source CG135+1}",
    journal = {\nat},
    year = 1978,
    month = apr,
    volume = 272,
    pages = {704-706}
}

@ARTICLE{REF::APPARAO::NATURE1978,
    author = {{Apparao}, K.~M.~V. and others},
    title = "{4U0241+61 - A luminous low-redshift QSO}",
    journal = {\nat},
    year = 1978,
    month = jun,
    volume = 273,
    pages = {450-453}
}

@ARTICLE{REF::MARASCHI::NATURE1978,
    author = {{Maraschi}, L. and others},
    title = "{Possible X-ray counterparts of gamma-ray sources}",
    journal = {\nat},
    year = 1978,
    month = apr,
    volume = 272,
    pages = {679-681}
}

@ARTICLE{REF::HERMSEN::NATURE1977,
    author = {{Hermsen}, W. and others},
    title = "{New high energy gamma-ray sources observed by COS B}",
    journal = {\nat},
    year = 1977,
    month = oct,
    volume = 269,
    pages = {494}
}

@ARTICLE{REF::SLANE::APJ2004,
    author = {{Slane}, P. and others},
    title = "{X-Ray Observations of the Compact Source in CTA 1}",
    journal = {\apj},
    year = 2004,
    month = feb,
    volume = 601,
    pages = {1045-1049}
}

@ARTICLE{REF::BRAZIER::MNRAS1998,
    author = {{Brazier}, K.~T.~S. and {Reimer}, O. and {Kanbach}, G. and {Carrami{\~ n}ana}, A.},
    title = "{A candidate gamma-ray pulsar in the supernova remnant CTA 1}",
    journal = {\mnras},
    year = 1998,
    month = apr,
    volume = 295,
    pages = {819-824}
}

@ARTICLE{REF::SEWARD::APJ1995,
    author = {{Seward}, F.~D. and {Schmidt}, B. and {Slane}, P.},
    title = "{X-Ray Emission from the Supernova Remnant CTA 1}",
    journal = {\apj},
    year = 1995,
    month = nov,
    volume = 453,
    pages = {284}
}

@ARTICLE{REF::SLANE::APJ1997,
    author = {{Slane}, P. and others},
    title = "{Nonthermal X-Ray Emission from CTA 1}",
    journal = {\apj},
    year = 1997,
    month = aug,
    volume = 485,
    pages = {221}
}

@ARTICLE{REF::CARRAMINANA::AA1990,
    author = {{Carrami{\~ n}ana}, A. and others},
    title = "{An upper limit to 300 GeV gamma ray emission from Centaurus A}",
    journal = {\aap},
    year = 1990,
    month = feb,
    volume = 228,
    pages = {327-330}
}

@ARTICLE{REF::GRINDLAY::APJ1975,
    author = {{Grindlay}, J.~E. and others},
    title = "{Evidence for the detection of gamma rays from Centaurus A at gamma-ray energies above 300 GeV}",
    journal = {\apj},
    year = 1975,
    month = apr,
    volume = 197,
    pages = {L9-L12}
}

@INPROCEEDINGS{REF::AHARONIAN::ECRS1997,
    author = {{Aharonian}, F. and others},
    title = "{The HEGRA Experiment - Status and Recent Results}",
    location = {Perpignan, France},
    year = 1996,
    month = aug,
    booktitle = {Proc. 15th European Cosmic Ray Symposium},
    series = {Nuclear Physics Proceedings Supplement},
    volume = {60B},
    pages = {193-198}
}

@ARTICLE{REF::HALL::APJ2003,
    author = {{Hall}, T.~A. and others},
    title = "{Search for TeV Emissions from Pulsars in Binary Systems}",
    journal = {\apj},
    year = 2003,
    month = feb,
    volume = 583,
    pages = {853-860}
 } 

@ARTICLE{REF::CHADWICK::1998,
    author = {{Chadwick}, P.~M. and others},
    title = "{Centaurus X-3: A Source of High-Energy Gamma Rays}",
    journal = {\apj},
    year = 1998,
    month = aug,
    volume = 503,
    pages = {391}
}

@ARTICLE{REF::AHARONIAN::AA2002::UNID,
    author = {{Aharonian}, F. and others},
    title = "{An unidentified TeV source in the vicinity of Cygnus OB2}",
    journal = {\aap},
    year = 2002,
    month = oct,
    volume = 393,
    pages = {L37-L40}
}

@ARTICLE{REF::TANIMORI::APJ1998,
    author = {{Tanimori}, T. and others},
    title = "{Discovery of TeV Gamma Rays from SN 1006: Further Evidence for the Supernova Remnant Origin of Cosmic Rays}",
    journal = {\apj},
    year = 1998,
    month = apr,
    volume = 497,
    pages = {L25}
}

@ARTICLE{REF::MURAISHI::AA2000,
    author = {{Muraishi}, H. and others},
    title = "{Evidence for TeV gamma-ray emission from the shell type SNR RX J1713.7-3946}",
    journal = {\aap},
    year = 2000,
    month = feb,
    volume = 354,
    pages = {L57-L61}
}

@INPROCEEDINGS{REF::PETRY::NUGH2001,
    author = {{Petry}, D.},
    title = "{A First EGRET-UNID-Related Agenda for Cherenkov Telescopes}",
    booktitle = {ASSL Vol. 267: The Nature of Unidentified Galactic High-Energy Gamma-Ray Sources},
    year = 2001,
    pages = {299-319}
}

@ARTICLE{REF::MARASCHI::AP1999,
    author = {{Maraschi}, L. and others	},
    title = "{Correlated variability of MKN 421 at X-ray and TeV wavelengths on time scales of hours}",
    journal = {\app},
    year = 1999,
    month = jun,
    volume = 11,
    pages = {189-192}
}

@ARTICLE{REF::GAIDOS::NATURE1996,
    author = {{Gaidos}, J.~A. and others},
    title = "{Very Rapid and Energetic Bursts of TeV Photons from the Active Galaxy Markarian 421.}",
    journal = {\nat},
    year = 1996,
    volume = 383,
    pages = {319}
}

@ARTICLE{REF::KRENNRICH::APJ2002,
    author = {{Krennrich}, F. and others},
    title = "{Discovery of Spectral Variability of Markarian 421 at TeV Energies}",
    journal = {\apj},
    year = 2002,
    month = aug,
    volume = 575,
    pages = {L9-L13}
}

@ARTICLE{REF::AHARONIAN::AA2002,
    author = {{Aharonian}, F.~A. and others},
    title = "{A search for TeV gamma-ray emission from SNRs, pulsars and unidentified GeV sources in the Galactic plane in the longitude range between -2 deg and 85 deg.}",
    journal = {\aap},
    year = 2002,
    month = dec,
    volume = 395,
    pages = {803-811}
}

@INPROCEEDINGS{REF::WEEKES::ICRC1979,
    author = {{Weekes}, T. and {Helmken}, H. and {Grindlay}, J.},
    title = "{The Mt. Hopkins Sky Survey for gamma rays of energy 100-1000 GeV III, galactic plane and extended sources}",
    booktitle = {Proc. 16th International Cosmic Ray Conference},
    year = 1979,
    volume = 1,
    page = 132
}

@ARTICLE{REF::CHADWICK::APJ1998,
    author = {{Chadwick}, P.~M. and others},
    title = "{Centaurus X-3: A Source of High-Energy Gamma Rays}",
    journal = {\apj},
    year = 1998,
    month = aug,
    volume = 503,
    pages = {391},
}

@ARTICLE{REF::MATTOX::APJ1992,
    author = {{Mattox}, J.~R. and others},
    title = "{SAS 2 observation of pulsed high-energy gamma radiation from Geminga}",
    journal = {\apj},
    year = 1992,
    month = dec,
    volume = 401,
    pages = {L23-L26}
}

@ARTICLE{REF::BIGNAMI_CARAVEO::NATURE1992,
    author = {{Bignami}, G.~F. and {Caraveo}, P.~A.},
    title = "{Geminga - New Period Old Gamma-Rays}",
    journal = {\nat},
    year = 1992,
    month = may,
    volume = 357,
    pages = {287}
}

@ARTICLE{REF::BERTSCH::NATURE1992,
    author = {{Bertsch}, D.~L. and others},
    title = "{Pulsed high-energy gamma-radiation from Geminga (1E0630 + 178)}",
    journal = {\nat},
    year = 1992,
    month = may,
    volume = 357,
    pages = {306}
}

@ARTICLE{REF::HALPERN::NATURE1992,
    author = {{Halpern}, J.~P. and {Holt}, S.~S.},
    title = "{Discovery of soft X-ray pulsations from the gamma-ray source Geminga}",
    journal = {\nat},
    year = 1992,
    month = may,
    volume = 357,
    pages = {222-224}
}

@ARTICLE{REF::WEEKES::APJ1989,
    author = {{Weekes}, T.~C. and others },
    title = "{Observation of TeV gamma rays from the Crab nebula using the atmospheric Cerenkov imaging technique}",
    journal = {\apj},
    year = 1989,
    month = jul,
    volume = 342,
    pages = {379-395}
}

@INPROCEEDINGS{REF::CHUDAKOV::ICRC1963,
    author = {{Chudakov}, A.~E. and {Dadykin}, V.~L. and {Zatsepin}, V.~I. and 
	{Nesterova}, N.~M.},
    title = "{On the high energy photons from local sources}",
    booktitle = {Proc. 8th International Cosmic Ray Conference},
    year = 1963,
    volume = 4,
    pages = {199}
}

@ARTICLE{REF::JELLEY_PORTER::QJRAS1963,
    author = {{Jelley}, J.~V. and {Porter}, N.~A.},
    title = "{{\v C}erenkov Radiation from the Night Sky, and its Application to {$\gamma$}-Ray Astronomy}",
    journal = {\qjras},
    year = 1963,
    month = sep,
    volume = 4,
    pages = {275}
}

@INPROCEEDINGS{REF::WEEKES_TURVER::RAGR1977,
    author = {{Weekes}, T.~C. and {Turver}, K.~E.},
    title = "{Gamma-ray astronomy from 10-100 GeV: A new approach}",
    booktitle = {ESA  Recent Advan. in Gamma-Ray Astronomy  p 279-286 (SEE N78-11899 02-88)},
    year = 1977,
    month = jul,
    pages = {279-286}
}

@ARTICLE{REF::DANAHER::SOLAR1982,
    author = {{Danaher}, S. and {Fegan}, D.~J. and {Porter}, N.~A. and {Weekes}, T.~C. and 
	{Cole}, T.},
    title = "{Possible applications of large solar arrays in astronomy and astrophysics}",
    journal = {Solar Energy},
    year = 1982,
    volume = 28,
    pages = {335-343}
}

@ARTICLE{REF::MATTOX::BAAS1990,
    author = {{Mattox}, J.~R.},
    title = "{Further Examination of the SAS 2 and COS B Cygnus X-3 Data}",
    journal = {\bulaps},
    year = 1990,
    month = sep,
    volume = 22,
    pages = {1230},
}

@ARTICLE{REF::SWANENBURG::APJ1981,
    author = {{Swanenburg}, B.~N. and others},
    title = "{Second COS B catalog of high-energy gamma-ray sources}",
    journal = {\apj},
    year = 1981,
    month = jan,
    volume = 243,
    pages = {L69-L73}
}

@ARTICLE{REF::BIGNAMI::APJ1983,
    author = {{Bignami}, G.~F. and {Caraveo}, P.~A. and {Lamb}, R.~C.},
    title = "{An identification for 'Geminga' (2CG 195+04) 1E 0630+178 - A unique object in the error box of the high-energy gamma-ray source}",
    journal = {\apj},
    year = 1983,
    month = sep,
    volume = 272,
    pages = {L9-L13}
}

@ARTICLE{REF::BENNETT::NPBPS1990,
    author = {{Bennett}, K.},
    title = "{COS-B: The highlights}",
    journal = {Nuclear Physics B - Proceedings Supplements},
    year = 1990,
    volume = 14, 
    number = 2,
    monthe = apr,
    pages = {23-34}
}

@ARTICLE{REF::MUKHERJEE::APJ2003,
    author = {{Mukherjee}, R. and {Halpern}, J.~P. and {Gotthelf}, E.~V. and 
	{Eracleous}, M. and {Mirabal}, N.},
    title = "{Search for a Point-Source Counterpart of the Unidentified Gamma-Ray Source TeV J2032+4130 in Cygnus}",
    journal = {\apj},
    year = 2003,
    month = may,
    volume = 589,
    pages = {487-494}
}

@ARTICLE{REF::BUTT::APJ2003,
    author = {{Butt}, Y. and others},
    title = "{CHANDRA/VLA Follow-up of TeV J2032+4131, the Only Unidentified TeV Gamma-ray Source}",
    journal = {\apj},
    year = 2003,
    month = nov,
    volume = 597,
    pages = {494-512}
}    

@ARTICLE{REF::CLARK::APJ1968,
    author = {{Clark}, G.~W. and {Garmire}, G.~P. and {Kraushaar}, W.~L.},
    title = "{Observation of High-Energy Cosmic Gamma Rays}",
    journal = {\apj},
    year = 1968,
    month = sep,
    volume = 153,
    pages = {L203},
}

@ARTICLE{REF::KRAUSHAAR::APJ1965,
    author = {{Kraushaar}, W. and others},
    title = "{Explorer XI Experiment on Cosmic Gamma Rays.}",
    journal = {\apj},
    year = 1965,
    month = apr,
    volume = 141,
    pages = {845},
}

@ARTICLE{REF::MCBREEN::APJ1973,
    author = {{McBreen}, B. and others},
    title = "{Pulsed high-energy gamma rays from the Crab Nebula.}",
    journal = {\apj},
    year = 1973,
    month = sep,
    volume = 184,
    pages = {571-580}
}

@ARTICLE{REF::PARLIER::NPS1973,
    author = {{Parlier}, B. and others},
    title = "{Gamma-ray emission above 20 MeV from the Crab Nebula and NP-0532}",
    journal = {Nature Physical Science},
    year = 1973,
    volume = 242,
    pages = 117
}

@ARTICLE{REF::ALBATS::NATURE1972,
    author = {{Albats}, P. and others},
    journal = {\nat},
    year = 1972,
    volume = 240,
    pages = 221
}

@ARTICLE{REF::BROWNING::NATURE1971,
    author = {{Browning}, R. and {Ramsden} D. and  {Wright}, P.~J.},
    journal = {\nat},
    year = 1971,
    volume = 232,
    pages = 99
}

@ARTICLE{REF::HARTMAN::APJ1979,
    author = {{Hartman}, R.~C. and others },
    title = "{Galactic plane gamma-radiation}",
    journal = {\apj},
    year = 1979,
    month = jun,
    volume = 230,
    pages = {597-606},
}

@ARTICLE{REF::FICHTEL::APJ1975,
    author = {{Fichtel}, C.~E. and others},
    title = "{High-energy gamma-ray results from the second small astronomy satellite}",
    journal = {\apj},
    year = 1975,
    month = may,
    volume = 198,
    pages = {163-182},
}

@ARTICLE{REF::THOMPSON::APJ1977,
    author = {{Thompson}, D.~J. and others},
    title = "{Final SAS-2 gamma-ray results on sources in the galactic anticenter region}",
    journal = {\apj},
    year = 1977,
    month = apr,
    volume = 213,
    pages = {252-262},
}

@INPROCEEDINGS{REF::HORAN_WEEKES::2NDVERITAS2004,
    author = {{Horan}, D. and {Weekes}, T.~C.},
    title = "{Extragalactic Sources of TeV Gamma Rays: A Summary}",
    booktitle = {New Astronomy Review, Proceedings of the 2nd VERITAS Symposium on TeV Astrophysics of Extragalactic Sources},
    location = {Adler Planetarium, Chicago},
    journal = {New Astronomy Review},
    year = 2004,
    month = apr,
    volume = 48,
    pages = {527-535},
    editor = {{Swordy}, S. and {Fortson}, L.},
}

@ARTICLE{REF::ITOH::AA2003,
    author = {{Itoh}, C. and others},
    title = "{Evidence of TeV gamma-ray emission from the nearby starburst galaxy NGC 253}",
    journal = {\aap},
    year = 2003,
    month = may,
    volume = 402,
    pages = {443-455}
}

@ARTICLE{REF::BHATTACHARYA::APJ1994,
    author = {{Bhattacharya}, D. and others},
    title = "{Gamma-ray observations of NGC 253 and M82 with OSSE}",
    journal = {\apj},
    year = 1994,
    month = dec,
    volume = 437,
    pages = {173-178}
}

@ARTICLE{REF::BLOM::ALC1999,
    author = {{Blom}, J.~J. and {Paglione}, D.~T.~A. and {Carrami{\~ n}ana}, A.
	},
    title = "{Gamma-Rays from Starbursts and M31}",
    journal = {Astrophysical Letters Communications},
    year = 1999,
    volume = 39,
    pages = {169}
}

@INPROCEEDINGS{REF::VOLK::UVGR2003,
    author = {{V\"{o}lk}, H.~J.},
    title = "{Energetic Particles in Clusters of Galaxies and Starburst Galaxies}",
    booktitle = {The Universe Viewed in Gamma-Rays},
    location = {Kashiwa Japan},
    year = {2003},
    volume = {in press},
    url = "{http://www.arxiv.org/pdf/astro-ph/0303078}"
}
    
@ARTICLE{REF::AHARONIAN::AA2003::ANDROMEDA,
    author = {{Aharonian}, F.~A. and others},
    title = "{Search for TeV gamma ray emission from the Andromeda galaxy}",
    journal = {\aap},
    year = 2003,
    month = mar,
    volume = 400,
    pages = {153-159},
}

@ARTICLE{REF::AHARONIAN::AA2003::M87,
    author = {{Aharonian}, F. and others},
    title = "{Is the giant radio galaxy M 87 a TeV gamma-ray emitter?}",
    journal = {\aap},
    year = 2003,
    month = may,
    volume = 403,
    pages = {L1-L5}
}

@ARTICLE{REF::COMBI::APJ2003,
    author = {{Combi}, J.~A. and others},
    title = "{Discovery of a New Radio Galaxy within the Error Box of the Unidentified Gamma-Ray Source 3EG J1735-1500}",
    journal = {\apj},
    year = 2003,
    month = may,
    volume = 588,
    pages = {731-735}
}

@ARTICLE{REF::ABELL::APJS1989,
    author = {{Abell}, G.~O. and {Corwin}, H.~G. and {Olowin}, R.~P.},
    title = "{A catalog of rich clusters of galaxies}",
    journal = {\apjs},
    year = 1989,
    month = may,
    volume = 70,
    pages = {1-138}
}

@INPROCEEDINGS{REF::COLAFRANCESCO::GAMMA2001,
    author = {{Colafrancesco}, S.},
    title = "{Gamma-Rays from Galaxy Clusters: Preliminary Evidences and Future Expectations}",
    booktitle = {AIP Conf. Proc. 587: Gamma 2001: Gamma-Ray Astrophysics},
    year = 2001,
    pages = {427}
}

@ARTICLE{REF::SCHARF::APJ2002,
    author = {{Scharf}, C.~A. and {Mukherjee}, R.},
    title = "{A Statistical Detection of Gamma-Ray Emission from Galaxy Clusters: Implications for the Gamma-Ray Background and Structure Formation}",
    journal = {\apj},
    year = 2002,
    month = nov,
    volume = 580,
    pages = {154-163}
}

@ARTICLE{REF::KAWASAKI::APJ2002,
    author = {{Kawasaki}, W. and {Totani}, T.},
    title = "{Positional Coincidence between the High-Latitude Steady Unidentified Gamma-Ray Sources and Possibly Merging Clusters of Galaxies}",
    journal = {\apj},
    year = 2002,
    month = sep,
    volume = 576,
    pages = {679-687}
}

@ARTICLE{REF::REIMER::APJ2003,
    author = {{Reimer}, O. and {Pohl}, M. and {Sreekumar}, P. and {Mattox}, J.~R. },
    title = "{EGRET Upper Limits on the High-Energy Gamma-Ray Emission of Galaxy Clusters}",
    journal = {\apj},
    year = 2003,
    month = may,
    volume = 588,
    pages = {155-164}
}

@INCOLLECTION{REF::TORRES::BOOK2003,
    author = {{Torres}, Diego.~F.},
    year = {2003},
    volume = {in press},
    title = "{Gamma-ray sources at high latitudes}",
    booktitle = {Cosmic Gamma-ray Sources},
    publisher = {Kluwer Academic Press},
    editor = {{Cheng}, K.~S. and {Romero}, G.~E.}
}

@ARTICLE{REF::GREGORY::APJ2002,
    author = {{Gregory}, P.~C.},
    title = "{Bayesian Analysis of Radio Observations of the Be X-Ray Binary LSI~+61$^\circ$303}",
    journal = {\apj},
    year = 2002,
    month = aug,
    volume = 575,
    pages = {427-434}
}

@ARTICLE{REF::KNIFFEN::APJ1997,
    author = {{Kniffen}, D.~A. and others},
    title = "{EGRET Observations of the Gamma-Ray Source 2CG 135+01}",
    journal = {\apj},
    year = 1997,
    month = sep,
    volume = 486,
    pages = {126}
}

@ARTICLE{REF::KIRK::APP1999,
    author = {{Kirk}, J.~G. and {Ball}, L. and {Skjaeraasen}, O.},
    title = "{Inverse Compton emission of TeV gamma rays from PSR B1259-63}",
    journal = {\app},
    year = 1999,
    month = jan,
    volume = 10,
    pages = {31-45}
}

@ARTICLE{REF::KAARET::APJ2000,
    author = {{Kaaret}, P. and {Cusumano}, G. and {Sacco}, B.},
    title = "{X-Ray Timing of the 34 Millisecond Binary Pulsar SAX J0635+0533}",
    journal = {\apj},
    year = 2000,
    month = oct,
    volume = 542,
    pages = {L41-L43}
}

@ARTICLE{REF::GEHRELS::NATURE2000,
    author = {{Gehrels}, N. and {Macomb}, D.~J. and {Bertsch}, D.~L. and {Thompson}, D.~J. and 
	{Hartman}, R.~C.},
    title = "{Discovery of a new population of high-energy {$\gamma$}-ray sources in the Milky Way}",
    journal = {\nat},
    year = 2000,
    month = mar,
    volume = 404,
    pages = {363-365}
}

@ARTICLE{REF::KAARET::APJ1996,
    author = {{Kaaret}, P. and {Cottam}, J.},
    title = "{Do the Unidentified EGRET Sources Lie in Star-forming Regions?}",
    journal = {\apj},
    year = 1996,
    month = may,
    volume = 462,
    pages = {L35}
}

@ARTICLE{REF::BENAGLIA::AA2001,
    author = {{Benaglia}, P. and {Romero}, G.~E. and {Stevens}, I.~R. and 
	{Torres}, D.~F.},
    title = "{Can the gamma-ray source 3EG J2033+4118 be produced by the stellar system Cygnus OB2 No. 5?}",
    journal = {\aap},
    year = 2001,
    month = feb,
    volume = 366,
    pages = {605-611}
}

@INPROCEEDINGS{REF::GRENIER::TEXAS2002,
    author = {{Grenier}, I.~A.},
    title = "{Unidentified EGRET sources in the Galaxy}",
    booktitle = {Proc. XXI Texas Symposium on Relativistic Astrophysics},
    publisher = {World Scientific},
    location = {Florence, Italy},
    year = {2002},
    volume = {in press}
}

@ARTICLE{REF::ROMERO::AA1999,
    author = {{Romero}, G.~E. and {Benaglia}, P. and {Torres}, D.~F.},
    title = "{Unidentified 3EG gamma-ray sources at low galactic latitudes}",
    journal = {\aap},
    year = 1999,
    month = aug,
    volume = 348,
    pages = {868-876}
}

@ARTICLE{REF::CHEVALIER::APJ2000,
    author = {{Chevalier}, R.~A.},
    title = "{A Model for the X-Ray Luminosity of Pulsar Nebulae}",
    journal = {\apj},
    year = 2000,
    month = aug,
    volume = 539,
    pages = {L45-L48}
}

@INPROCEEDINGS{REF::ROBERTS::NSSR2002,
    author = {{Roberts}, M.~S.~E. and {Gaensler}, B.~M. and {Romani}, R.~W.
	},
    title = "{Pulsar Wind Nebulae as High Energy gamma-Ray Emitters}",
    booktitle = {ASP Conf. Ser. 271: Neutron Stars in Supernova Remnants},
    year = 2002,
    pages = {213}
}

@MANUAL{REF::GREEN::WEB2001,
    author = {{Green}, D.~A.},
    title = { A Catalogue of Galactic Supernova Remnants (2001 December version) },
    organization = {Mullard Radio Astronomy Observatory, Cavendish Laboratory, Cambridge, United Kingdom (Avalilable on the World-Wide-Web)},
    year = 2001,
    url = {http://www.mrao.cam.ac.uk/surveys/snrs/}
}

@ARTICLE{REF::TORRES::PR2003,
    author = {{Torres}, Diego~F. and others},
    title = "{Supernova remnants and {$\gamma$}-ray sources}",
    journal = {Physics Reports},
    volume = 382, 
    number = 6, 
    year = 2003,
    month = aug,
    pages = {303-380}
}

@ARTICLE{REF::ROBERTS::APJS2001,
    author = {{Roberts}, M.~S.~E. and {Romani}, R.~W. and {Kawai}, N.},
    title = "{The ASCA Catalog of Potential X-Ray Counterparts of GEV Sources}",
    journal = {\apjs},
    year = 2001,
    month = apr,
    volume = 133,
    pages = {451-465}
}

@ARTICLE{REF::COMBI::AA2001,
    author = {{Combi}, J.~A. and others	},
    title = "{Detection of a new, low-brightness supernova remnant possibly associated with EGRET sources}",
    journal = {\aap},
    year = 2001,
    month = feb,
    volume = 366,
    pages = {1047-1052}
}

@ARTICLE{REF::ESPOSITO::APJ1996,
    author = {{Esposito}, J.~A. and {Hunter}, S.~D. and {Kanbach}, G. and 
	{Sreekumar}, P.},
    title = "{EGRET Observations of Radio-bright Supernova Remnants}",
    journal = {\apj},
    year = 1996,
    month = apr,
    volume = 461,
    pages = {820}
}

@ARTICLE{REF::BUTT::NATURE2002,
    author = {{Butt}, Y.~M. and others},
    title = "{Supernova-Remnant Origin of Cosmic Rays?}",
    journal = {\nat},
    year = 2002,
    month = aug,
    volume = 418,
    pages = {499},
}

@ARTICLE{REF::REIMER_POHL::AA2002,
    author = {{Reimer}, O. and {Pohl}, M.},
    title = "{No evidence yet for hadronic TeV gamma-ray emission from SNR RX J1713.7-3946}",
    journal = {\aap},
    year = 2002,
    month = jul,
    volume = 390,
    pages = {L43-L46}
}

@ARTICLE{REF::ENOMOTO::NATURE2002,
    author = {{Enomoto}, R. and others},
    title = "{The acceleration of cosmic-ray protons in the supernova remnant RX J1713.7-3946}",
    journal = {\nat},
    year = 2002,
    month = apr,
    volume = 416,
    pages = {823-826}
}

@ARTICLE{REF::AHARONIAN::AA2001,
    author = {{Aharonian}, F. and others},
    title = "{Evidence for TeV gamma ray emission from Cassiopeia A}",
    journal = {\aap},
    year = 2001,
    month = apr,
    volume = 370,
    pages = {112-120}
}

@ARTICLE{REF::DAV::AA1994,
    author = {{Drury}, L.~O. and {Aharonian}, F.~A. and {V\"{o}lk}, H.~J.},
    title = "{The gamma-ray visibility of supernova remnants. A test of cosmic ray origin}",
    journal = {\aap},
    year = 1994,
    month = jul,
    volume = 287,
    pages = {959-971}
}

@ARTICLE{REF::KIRK_DUFFY::JPHYSG1999,
    author = {{Kirk}, J.~G. and {Duffy}, P.},
    title = "{Particle acceleration and relativistic shocks}",
    journal = {Journal of Physics G: Nuclear and Particle Physics},
    year = 1999,
    volume = 25,
    pages = {R163-R194}
}
    
@ARTICLE{REF::DRURY::RPP1983,
    author = {{Drury}, L.~O'C.},
    title = "{An introduction to the theory of diffusive shock acceleration of energetic particles in tenuous plasmas}",
    journal = {Reports on Progress in Physics},
    year = 1983,
    month = aug,
    volume = 46,
    pages = {973-1027}
}

@ARTICLE{REF::KRYMSKII::DOSSR1977,
    author = {{Krymskii}, G.~F.},
    title = "{A regular mechanism for the acceleration of charged particles on the front of a shock wave}",
    journal = {Akademiia Nauk SSSR Doklady},
    year = 1977,
    month = jun,
    volume = 234,
    pages = {1306-1308}
}

@ARTICLE{REF::WOLTJER::ARAA1972,
    author = {{Woltjer}, L.},
    title = "{Supernova Remnants}",
    journal = {Annual Reviews of Astronomy and Astrophysics},
    year = 1972,
    volume = 10,
    pages = {129}
}

@INPROCEEDINGS{REF::AXFORD::ICRC1977,
    author = {{Axford}, W.~I. and {Leer}, E. and {Skadron}, G.},
    title = "{The acceleration of cosmic rays by shock waves}",
    booktitle = {Proc. 15th International Cosmic Ray Conference},
    location = {Plovdiv, Bulgaria},
    year = 1977,
    volume = 11,
    pages = {132-137}
}

@ARTICLE{REF::BLANDFORD_OSTRIKER::APJ1978,
    author = {{Blandford}, R.~D. and {Ostriker}, J.~P.},
    title = "{Particle acceleration by astrophysical shocks}",
    journal = {\apj},
    year = 1978,
    month = apr,
    volume = 221,
    pages = {L29-L32}
}

@ARTICLE{REF::BELL::MNRAS1978,
    author = {{Bell}, A.~R.},
    title = "{The acceleration of cosmic rays in shock fronts. I}",
    journal = {\mnras},
    year = 1978,
    month = jan,
    volume = 182,
    pages = {147-156}
}

@ARTICLE{REF::REYNOLDS_CHEVALIER::APJ1984,
    author = {{Reynolds}, S.~P. and {Chevalier}, R.~A.},
    title = "{Evolution of pulsar-driven supernova remnants}",
    journal = {\apj},
    year = 1984,
    month = mar,
    volume = 278,
    pages = {630-648}
}

@ARTICLE{REF::HALPERN::APJ2001::2227PAPER2,
    author = {{Halpern}, J.~P. and others},
    title = "{PSR J2229+6114: Discovery of an Energetic Young Pulsar in the Error Box of the EGRET Source 3EG J2227+6122}",
    journal = {\apj},
    year = 2001,
    month = may,
    volume = 552,
    pages = {L125-L128}
}

@ARTICLE{REF::HALPERN::APJ2001::2227PAPER1,
    author = {{Halpern}, J.~P. and {Gotthelf}, E.~V. and {Leighly}, K.~M. and 
	{Helfand}, D.~J.},
    title = "{A Possible X-Ray and Radio Counterpart of the High-Energy Gamma-Ray Source 3EG J2227+6122}",
    journal = {\apj},
    year = 2001,
    month = jan,
    volume = 547,
    pages = {323-333}
}

@ARTICLE{REF::KUIPER::AA2000,
    author = {{Kuiper}, L. and others},
    title = "{The likely detection of pulsed high-energy gamma-ray emission from millisecond pulsar PSR J0218+4232}",
    journal = {\aap},
    year = 2000,
    month = jul,
    volume = 359,
    pages = {615-626}
}

@ARTICLE{REF::ZHANGZHANGCHENG::AA2000,
    author = {{Zhang}, L. and {Zhang}, Y.~J. and {Cheng}, K.~S.},
    title = "{Young pulsars and unidentified gamma-ray sources at the Galactic plane}",
    journal = {\aap},
    year = 2000,
    month = may,
    volume = 357,
    pages = {957-967}
}

@INPROCEEDINGS{REF::HARDING::SSRNS2003,
    author = {{Harding}, A~K. and others},
    title = "{Pulsar Populations and Unidentified Gamma-Ray Sources}",
    booktitle = {Proceedings of 34th COSPAR Scientific Assembly, Symposium on Supernova Remnants and Neutron Stars},
    year = {2003},
    volume = {in press},
    url = {http://www.arxiv.org/pdf/astro-ph/0308215}
}

@ARTICLE{REF::GOLDREICH_JULIAN::APJ1969,
    author = {{Goldreich}, P. and {Julian}, W.~H.},
    title = "{Pulsar Electrodynamics}",
    journal = {\apj},
    year = 1969,
    month = aug,
    volume = 157,
    pages = {869},
}

@INPROCEEDINGS{REF::HARDING::HEGRA2001,
    author = {{Harding}, A.~K.},
    title = "{Gamma-ray Pulsars: Models and Predictions}",
    booktitle = {High Energy Gamma-Ray Astronomy},
    year = 2001,
    pages = {115},
}

@ARTICLE{REF::ROMANI::APJ1995,
    author = {{Romani}, R.~W. and {Yadigaroglu}, I.-A.},
    title = "{Gamma-ray pulsars: Emission zones and viewing geometries}",
    journal = {\apj},
    year = 1995,
    month = jan,
    volume = 438,
    pages = {314-321}
 }

@ARTICLE{REF::DAUGHERTY::APJ1996,
    author = {{Daugherty}, J.~K. and {Harding}, A.~K.},
    title = "{Gamma-Ray Pulsars: Emission from Extended Polar CAP Cascades}",
    journal = {\apj},
    year = 1996,
    month = feb,
    volume = 458,
    pages = {278},
}

@ARTICLE{REF::BRAJE:APJ2002,
    author = {{Braje}, T.~M. and {Romani}, R.~W. and {Roberts}, M.~S.~E. and 
	{Kawai}, N.},
    title = "{Chandra Imaging of the Gamma-Ray Source GeV J1809-2327}",
    journal = {\apj},
    year = 2002,
    month = feb,
    volume = 565,
    pages = {L91-L95}
}

@ARTICLE{REF::ROBERTS::APJ2002,
    author = {{Roberts}, M.~S.~E. and others },
    title = "{PSR J2021+3651: A Young Radio Pulsar Coincident with an Unidentified EGRET {$\gamma$}-Ray Source}",
    journal = {\apj},
    year = 2002,
    month = sep,
    volume = 577,
    pages = {L19-L22}
}

@ARTICLE{REF::ROBERTS::APJ2001,
    author = {{Roberts}, M.~S.~E. and {Romani}, R.~W. and {Johnston}, S.},
    title = "{Multiwavelength Studies of PSR J1420-6048, a Young Pulsar in the Kookaburra}",
    journal = {\apj},
    year = 2001,
    month = nov,
    volume = 561,
    pages = {L187-L190}
}

@ARTICLE{REF::DAMICO::APJ2001,
    author = {{D'Amico}, N. and others },
    title = "{Two Young Radio Pulsars Coincident with EGRET Sources}",
    journal = {\apj},
    year = 2001,
    month = may,
    volume = 552,
    pages = {L45-L48}
}

@INPROCEEDINGS{REF::MANCHESTER::NSSR2002,
    author = {{Manchester}, R.~N. and others },
    title = "{Young Pulsars from the Parkes Multibeam Pulsar Survey and their Associations}",
    booktitle = {ASP Conf. Ser. 271: Neutron Stars in Supernova Remnants},
    year = 2002,
    pages = {31}
}

@ARTICLE{REF::MANCHESTER::MNRAS2001,
    author = {{Manchester}, R.~N. and others },
    title = "{The Parkes multi-beam pulsar survey - I. Observing and data analysis systems, discovery and timing of 100 pulsars}",
    journal = {\mnras},
    year = 2001,
    month = nov,
    volume = 328,
    pages = {17-35}
}

@ARTICLE{REF::ULMER::APJS1994,
    author = {{Ulmer}, M.~P.},
    title = "{Gamma-ray observations of pulsars}",
    journal = {\apjs},
    year = 1994,
    month = feb,
    volume = 90,
    pages = {789-795}
}

@ARTICLE{REF::KASPI::APJ2000,
    author = {{Kaspi}, V.~M. and others},
    title = "{High-Energy Gamma-Ray Observations of Two Young, Energetic Radio Pulsars}",
    journal = {\apj},
    year = 2000,
    month = jan,
    volume = 528,
    pages = {445-453}
}

@ARTICLE{REF::RAMANAMURTHY::APJ1996,
    author = {{Ramanamurthy}, P.~V. and others},
    title = "{Possible Evidence for Pulsed Emission of High-Energy Gamma Rays by PSR B0656+14}",
    journal = {\apj},
    year = 1996,
    month = feb,
    volume = 458,
    pages = {755}
}

@ARTICLE{REF::RAMANAMURTHY::APJ1995,
    author = {{Ramanamurthy}, P.~V. and others},
    title = "{EGRET Detection of Pulsed Gamma Radiation from PSR B1951+32}",
    journal = {\apj},
    year = 1995,
    month = jul,
    volume = 447,
    pages = {L109}
}

@ARTICLE{REF::NOLAN::AAS1996,
    author = {{Nolan}, P.~L. and others},
    title = "{EGRET observations of pulsars.}",
    journal = {\aaps},
    year = 1996,
    month = nov,
    volume = 120,
    pages = {C61}
}

@ARTICLE{REF::MUKHERJEE::APJ2002,
    author = {{Mukherjee}, R. and {Halpern}, J. and {Mirabal}, N. and {Gotthelf}, E.~V.
	},
    title = "{Is the EGRET Source 3EG J1621+8203 the Radio Galaxy NGC 6251?}",
    journal = {\apj},
    year = 2002,
    month = aug,
    volume = 574,
    pages = {693-700}
}

@ARTICLE{REF::WALLACE::APJ2002,
    author = {{Wallace}, P.~M. and {Halpern}, J.~P. and {Magalh{\~ a}es}, A.~M. and 
	{Thompson}, D.~J.},
    title = "{An Active Galactic Nucleus Identification for 3EG J2006-2321}",
    journal = {\apj},
    year = 2002,
    month = apr,
    volume = 569,
    pages = {36-43}
}

@ARTICLE{REF::MUKHERJEE::APJ2000,
    author = {{Mukherjee}, R. and {Gotthelf}, E.~V. and {Halpern}, J. and 
	{Tavani}, M.},
    title = "{Multiwavelength Examination of the COS B Field 2CG 075+00 Yields a Blazar Identification for 3EG J2016+3657}",
    journal = {\apj},
    year = 2000,
    month = oct,
    volume = 542,
    pages = {740-749}
}

@INPROCEEDINGS{REF::BOETTCHER::1999SNOWBIRD,
    author = {{Boettcher}, M.},
    title = "{Leptonic Jet Models of Blazars: Broadband Spectra and Spectral Variability}",
    location = {Snowbird, Utah},
    year = 1999,
    booktitle = {GeV-TeV Gamma Ray Astrophysics Workshop, Towards a Major Atmospheric Cherenkov Detector VI},
    series = {AIP Conference Proceedings},
    volume = 515,
    editor = {{Dingus} and {Salamon} and {Kieda}}
}

@ARTICLE{REF::URRY::PASP1995,
    author = {{Urry}, C.~M. and {Padovani}, P.},
    title = "{Unified Schemes for Radio-Loud Active Galactic Nuclei}",
    journal = {Proceedings of the Astronomical Society of the Pacific},
    year = 1995,
    month = sep,
    volume = 107,
    pages = {803}
}

@INPROCEEDINGS{REF::MUKHERJEE::HEGRA2001,
    author = {{Mukherjee}, R.},
    title = "{EGRET (GeV) Blazars}",
    booktitle = {High Energy Gamma-Ray Astronomy},
    year = 2001,
    pages = {324}
}

@ARTICLE{REF::MUKHERJEE::APJ1997,
    author = {{Mukherjee}, R. and others},
    title = "{EGRET Observations of High-energy Gamma-Ray Emission from Blazars: an Update}",
    journal = {\apj},
    year = 1997,
    month = nov,
    volume = 490,
    pages = {116}
} 

@ARTICLE{REF::VONMONTIGNY::APJ1995,
    author = {{von Montigny}, C. and others},
    title = "{High-Energy Gamma-Ray Emission from Active Galaxies: EGRET Observations and Their Implications}",
    journal = {\apj},
    year = 1995,
    month = feb,
    volume = 440,
    pages = {525}
}

@ARTICLE{REF::SWANENBURG::NATURE1978,
    author = {{Swanenburg}, B.~N. and others},
    title = "{COS B observation of high-energy gamma radiation from 3C273}",
    journal = {\nat},
    year = 1978,
    month = sep,
    volume = 275,
    pages = {298}
}

@ARTICLE{REF::STOTHERS::AJ1974,
    author = {{Stothers}, R. and {Frogel}, J.~A.},
    title = "{The local complex of 0 and B stars. I. Distribution of stars and interstellar dust}",
    journal = {\aj},
    year = 1974,
    month = apr,
    volume = 79,
    pages = {456}
}

@INCOLLECTION{REF::LEDREW::ASTRONOTES99,
    author = {{LeDrew}, Glenn},
    title = "{Gould's Belt (Part I)}",
    year = 1999,
    month = dec,
    volume = {38, 10},
    booktitle = {AstroNotes, The Newsletter of the Ottawa Centre},
    publisher = {Royal Astronomical Society of Canada},
    url = {http://ottawa.rasc.ca/observers/1999/an9912p8.html}
}

@ARTICLE{REF::NOLAN::APJ2003,
    author = {{Nolan}, P.~L. and {Tompkins}, W.~P. and others},
    title = "{Variability of EGRET Gamma-Ray Sources}",
    journal = {\apj},
    year = 2003,
    month = nov,
    volume = 597,
    pages = {615-627},
}

@ARTICLE{REF::MATTOX::APJ1996,
    author = {{Mattox}, J.~R. and others},
    title = "{The Likelihood Analysis of EGRET Data}",
    journal = {\apj},
    year = 1996,
    month = apr,
    volume = 461,
    pages = {396}
}

@INPROCEEDINGS{REF::THOMPSON::GAMMA2001,
    author = {{Thompson}, D.~J. and {Bertsch}, D.~L. and {Hartman}, R.~C.},
    title = "{Artifact Sources Near Bright EGRET Pulsars}",
    booktitle = {AIP Conf. Proc. 587: Gamma 2001: Gamma-Ray Astrophysics},
    year = 2001,
    pages = {668},
    location = {Baltimore, Maryland},
    editor = {{Ritz}, {Gehrels} and {Shrader}}
}

@INPROCEEDINGS{REF::DINGUS::GAMMA2001,
    author = {{Dingus}, B.~L. and {Bertsch}, D.~L.},
    title = "{The Highest Energy Emission Detected by EGRET from Blazars}",
    booktitle = {AIP Conf. Proc. 587: Gamma 2001: Gamma-Ray Astrophysics},
    year = 2001,
    pages = {251},
    location = {Baltimore, Maryland},
    editor = {{Ritz}, {Gehrels} and {Shrader}}
}
    
@INPROCEEDINGS{REF::MACOMB::ICRC1999,
    author = {{Macomb}, D.~J. and {Lamb}, R.~C.},
    title = "{Exploring the Universe above 1 GeV}",
    location = {Salt Lake City, Utah},
    year = 1999,
    booktitle = {Proc. 26th International Cosmic Ray Conference},
    editor = {{Dingus} and {Salamon} and {Kieda}},
    volume = 4,
    pages = 107
}

@ARTICLE{REF::LAMB::APJ1997,
    author = {{Lamb}, R.~C. and {Macomb}, D.~J.},
    title = "{Point Sources of GeV Gamma Rays}",
    journal = {\apj},
    year = 1997,
    month = oct,
    volume = 488,
    pages = {872-880}
}

@ARTICLE{REF::HARTMAN::APJS1999,
    author = {{Hartman}, R.~C. and others},
    title = "{The Third EGRET Catalog of High-Energy Gamma-Ray Sources}",
    journal = {\apjs},
    year = 1999,
    month = jul,
    volume = 123,
    pages = {79-202}
}

@ARTICLE{REF::FICHTEL::AAS1996,
    author = {{Fichtel}, C.},
    title = "{EGRET overview: Achievements in the light of expectations}",
    journal = {\aaps},
    year = 1996,
    volume = 120,
    pages = {23-29}
}

@ARTICLE{REF::KANBACH::SSR1988,
    author = {{Kanbach}, G. and others},
    title = "{The Project EGRET - Energetic Gamma-Ray Experiment Telescope - on Nasa's Gamma-Ray Observatory GRO}",
    journal = {\ssr},
    year = 1988,
    volume = 49,
    pages = 61
}

@ARTICLE{REF::THOMPSON::APJS1993,
    author = {{Thompson}, D.~J. and others},
    title = "{Calibration Of The Energetic Gamma-Ray Experiment Telescope (EGRET) For The Compton Gamma-Ray Observatory}",
    journal = {\apjs},
    year = 1993,
    month = jun,
    volume = 86,
    pages = {629-656}
}

@ARTICLE{REF::ESPOSITO::APJS1999,
    author = {{Esposito}, J.~A. and others},
    title = "{In-flight Calibration Of EGRET On The Compton Gamma-Ray Observatory}",
    journal = {\apjs},
    year = 1999,
    month = jul,
    volume = 123,
    pages = {203-217}
}

@INPROCEEDINGS{REF::LOREDO::MAXENT1990,
    author = {{Loredo}, T.},
    title = "{From Laplace to Supernova SN 1987A: Bayesian Inference in Astrophysics}",
    address = { Dartmouth },
    year = 1989,
    booktitle = {Maximum-Entropy and Bayesian Methods},
    page = 284,
    editor = {{Fougere}, P.},
    pages = {81-142},
    publisher = {Kluwer Academic Publishers, Dordrecht, The Netherlands},
    url={http://bayes.wustl.edu/gregory/articles.ps.gz}
}

@ARTICLE{REF::JAYNES::1968,
    title = "{Prior Probabilities}",
    author = {{Jaynes}, E.T.},
    journal = {IEEE Transactions On Systems Science and Cybernetics},
    year = 1968,
    volume = {sec.4},
    number = {3},
    pages = {227-241},
    url = {http://bayes.wustl.edu/etj/articles/prior.pdf}
}

@PHDTHESIS{REF::HORAN::2001THESIS,
    title = "{The Discovery of TeV \Grays from the BL Lacertae object, 1H1426+428}",
    author = {{Horan}, D.},
    year = 2001,
    month = sep,
    school = {University College Dublin, Ireland}
}

@MISC{REF::SCHROEDTER::2002PRIVATE,
    author = {{Schroedter}, M.},
    year = 2002,
    howpublished = "{private communication}"
}

@ARTICLE{REF::LESSARD::2001APP,
    author = {{Lessard}, R.~W. and {Buckley}, J.~H. and {Connaughton}, V. and 
	{Le Bohec}, S.},
    title = "{A new analysis method for reconstructing the arrival direction of TeV gamma rays using a single imaging atmospheric Cherenkov telescope}",
    journal = {\app},
    year = 2001,
    month = mar,
    volume = 15,
    pages = {1-18}
}

@ARTICLE{REF::LIANDMA::1983APJ,
    author = {{Li}, T.-P. and {Ma}, Y.-Q.},
    title = "{Analysis methods for results in gamma-ray astronomy}",
    journal = {\apj},
    year = 1983,
    month = sep,
    volume = 272,
    pages = {317-324},
}

@ARTICLE{REF::HELENE::1983NIM,
    author = {{Helene}, O.},
    title = {Upper limit of peak area},
    journal = {\nim},
    year = 1983,
    month = jul,
    volume = 212,
    pages = {319-322}
}

@BOOKLET{REF::NASA::2001GLASTPROPOSAL,
    title = "{GLAST, Exploring Nature's Highest Energy Processes with the Gamma-ray Large Area Space Telescope}",
    author = {{NASA}},
    year = 2001,
    month = feb,
    howpublished = {Available on the Web},
    url = {http://glast.gsfc.nasa.gov/resources/brochures/gsd/GSD_print.pdf}
}

@BOOKLET{REF::VERITAS::1999PROPOSAL, 
    title = "{The VERITAS proposal}",
    author = {{VERITAS collaboration}},
    year = 1999,
    howpublished = {Available only on the Web},
    url = {http://veritas.sao.arizona.edu/Proposal/veritas_full.pdf}
}

@BOOKLET{REF::AUGER::1996PROPOSAL,
    title = "{Pierre Auger Project Design Report}",
    author = {{The Auger collaboration}},
    year = 1996,
    howpublished = {Available only on the Web},
    url = {http://www.auger.org/admin/DesignReport/index.html}
}

@BOOKLET{REF::CELESTE::1996PROPOSAL,
    title = "{CELESTE experimental proposal}",
    author = {{Smith}, D.~A. and others},
    year = 1996,
    howpublished = {Available only on the Web},
    url = {ftp://ftpcenbg.in2p3.fr/pub/astropart/celeste/cxp.ps}
}    

@BOOKLET{REF::HESS::2002BOOKLET,
    title = "{New Frontiers of Astronomy the High Energy Stereoscopic System (H.E.S.S.) in Namibia}",
    author = "{HESS collaboration}",
    year = 2002,
    howpublished = {Available only on the Web},
    url = {http://www.mpi-hd.mpg.de/hfm/HESS/public/flc/HESS_Brochure.pdf}
}

@ARTICLE{REF::LORENZ::1996NUCPHYSB,
    author = {{Lorenz}, E.},
    title = "{The MAGIC telescope project for gamma ray astronomy in the 15 to 300 GeV energy range}",
    journal = {Nuclear Physics B - Proceedings Supplements},
    year = 1996,
    month = may, 
    volume = 48,
    number = {1-3},
    page = {494-496.},
    url = {http://www.sciencedirect.com/science/article/B6TVD-3VTHYFM-3S/1/0d6c0d97a09562b554c4f73d5905509b}
}

@ARTICLE{REF::ENOMOTO::APP,
    author = {{Enomoto}, R. and others},
    title = "{Design study of CANGAROO-III, stereoscopic imaging atmospheric Cherenkov telescopes for sub-TeV /{$\gamma$}-ray detection}",
    journal = {\app},
    year = 2002,
    month = jan,
    volume = 16,
    pages = {235-244},
}

@ARTICLE{REF::KERTZMAN::1994NIMA,
    author = {{Kertzman}, M.~P. and {Sembroski}, G.~H.},
    title = "{Computer simulation methods for investigating the detection characteristics of TeV air Cherenkov telescopes}",
    journal = {\nima},
    year = 1994,
    volume = 343,
    page = {629-643}
}

@ARTICLE{REF::KONOPELKO::1999AP,
    author = {{Konopelko}, A.~K.},
    title = "{Design studies for the future 50 GeV arrays of imaging air {\v C}erenkov telescopes}",
    journal = {\app},
    year = 1999,
    month = jun,
    volume = 11,
    pages = {263-266},
}

@INPROCEEDINGS{REF::CAWLEY::1993CALGARY,
    author = {{Cawley}, M.F.},
    booktitle = {Towards a Major Atmospheric Cherenkov Detector II},
    location = {Calgary, Canada},
    year = 1993,
    pages = {176-181},
    editor = {{Lamb}, R.C.}
}

@INPROCEEDINGS{REF::SCHROEDTER::2002APS,
    author = {{Schroedter}, M. and others},
    title = "{Improvements to the Optics of the Whipple 10 m Telescope}",
    location = { Albuquerque, New Mexico },
    year = 2002,
    booktitle = {\bulaps},
    volume = {47, 2},
    page = B17.052
}     

@INPROCEEDINGS{REF::HOFMANN::1997KRUGER,
    author = {{Hofmann}, W. and others},
    title = "{Measuring $\gamma$-Ray Energy Spectra with the HEGRA IACT System}",
    location = {Kruger Park, South Africa},
    year = 1997,
    booktitle = {Towards a Major Atmospheric Cherenkov Detector V},
    page = 284,
    editor = {{De Jager}, O.C.}
}

@INPROCEEDINGS{REF::WEEKES::1999SNOWBIRD,
    author = {{Weekes}, T.C.},
    title = "{VHE Astronomy before the New Millenium}",
    location = {Snowbird, Utah},
    year = 1999,
    booktitle = {GeV-TeV Gamma Ray Astrophysics Workshop, Towards a Major Atmospheric Cherenkov Detector VI},
    series = {AIP Conference Proceedings},
    volume = 515,
    pages = {3-15},
    editor = {{Dingus} and {Salamon} and {Kieda}}
}

@INPROCEEDINGS{REF::COVAULT::2001HAMBURG,
    author = {{Covault}, C.~E. and others},
    title = "{The Status of the STACEE Observatory}",
    location = {Hamburg},
    year = 2001,
    booktitle = {Proc. 27th International Cosmic Ray Conference},
    page = 2810,
    editor = {Simon and Lorenz and Pohl}
}

@ARTICLE{REF::AHARONIAN::1999AA342,
    author = {{Aharonian}, F.~A. and others},
    title = "{The temporal characteristics of the TeV gamma-radiation from MKN 501 in 1997. I. Data from the stereoscopic imaging atmospheric Cherenkov telescope system of HEGRA}",
    journal = {\aap},
    year = 1999,
    month = feb,
    volume = 342,
    pages = {69-86},
}

@ARTICLE{REF::HILLAS::1998,
    author = {{Hillas}, A.~M. and others},
    title = "{The spectrum of TeV gamma rays from the Crab Nebula}",
    journal = {\apj},
    year = 1998,
    volume = 503,
    pages = 744,
}

@ARTICLE{REF::CERENKOV::1934,
    author = {{\^{C}erenkov}, P.A.},
    journal = {C. R. Ac. Sci. U.S.S.R.},
    year = 1934,
    volume = 8,
    pages = 451
}

@ARTICLE{REF::FRANKTAMM::1937,
    author = {{Frank} and {Tamm}},
    journal = {C. R. Ac. Sci. U.S.S.R.},
    year = 1937,
    volume = 14,
    pages = 109
}

@INBOOK{REF::JACKSON::CHAP13,
    author = {{Jackson}, J.D.},
    title = {Classical Electrodynamics},
    publisher = {John Wiley \& Sons, Inc.},
    year = 1975,
    edition = {Second},
    chapter = 13
}

@ARTICLE{REF::GALBRAITHJELLEY::1953,
    author = {{Galbraith}, W. and {Jelley}, J.V.},
    journal = {\nat},
    year = 1953,
    volume = 171,
    pages = 349
}

@ARTICLE{REF::GALBRAITHJELLEY::1955,
    author = {{Galbraith}, W. and {Jelley}, J.V.},
    journal = {Journal of Atmospheric and Terrestrial Physics},
    year = 1955,
    volume = 250,
    pages = 304
}

@ARTICLE{REF::DAVIESCOTTON::1957,
    author = {{Davies}, J.M. and {Cotton}, E.S.},
    title = "{Design of the quartermaster solar furnace}",
    journal = {Journal of Solar Energy, Science and Engineering},
    year = 1957,
    month = apr,
    volume = 1,
    number = 2,
    pages = {16-22}
}

@INPROCEEDINGS{REF::BRADBURY::1999SLC,
    author = {{Bradbury}, S.M. and others},
    title = {Whipple Telescope Observations of the Crab Nebula with a Pattern Selection Trigger},
    location = {Salt Lake City, Utah},
    year = 1999,
    booktitle = {Proc. 26th International Cosmic Ray Conference},
    editor = {{Dingus} and {Salamon} and {Kieda}},
    volume = 5,
    pages = 263
}

@ARTICLE{REF::AKERLOF::APJ1991,
    author = {{Akerlof}, C.~W. and others},
    title = "{Locating very high energy gamma-ray sources with arcminute accuracy}",
    journal = {\apj},
    year = 1991,
    month = aug,
    volume = 377,
    pages = {L97-L100}
}

@INPROCEEDINGS{REF::FEGAN::GAMMA2001,
    author = {{Fegan}, S.~J. and others},
    title = "{VHE observations of unidentified EGRET sources}",
    booktitle = {AIP Conf. Proc. 587: Gamma 2001: Gamma-Ray Astrophysics},
    year = 2001,
    pages = {296-300}
}

@INPROCEEDINGS{REF::BUCKLEY::ICRC1997,
    author = {{Buckley}, J.~H. and others},
    title = "{A Search for TeV Emission from Unidentified Sources in the Galactic Plane.}",
    booktitle = {Proceedings of the 25th International Cosmic Ray Conference (Durban, South Africa)},
    editors = {M.~A.~Potgieter, C.~Raubenheimer, and D.~J.~van der Walt},
    location = {Transvaal, South Africa: Potchefstroom University},
    year = 1997,
    volume = 3,
    pages = {233}
}

@INPROCEEDINGS{REF::FINLEY::SNOWBIRD1999,
    author = {{Finley}, J.~P. and others},
    title = "{The Status of the Whipple 10m GRANITE III Upgrade Program}",
    location = {Snowbird, Utah},
    year = 1999,
    booktitle = {GeV-TeV Gamma Ray Astrophysics Workshop, Towards a Major Atmospheric Cherenkov Detector VI},
    series = {AIP Conference Proceedings},
    volume = 301,
    editor = {{Dingus} and {Salamon} and {Kieda}}
}

@ARTICLE{REF::CAWLEY::ICRC1990,
    author = {{Cawley}, F.~M. and others},
    title = "{The Whipple Observatory High Resolution Camera}",
    journal = {Proceedings of the 21st International Cosmic Ray Conference.~ Volume 4 (OG Sessions), p.224},
    year = 1990,
    volume = 4,
    pages = {224}
}

@ARTICLE{REF::HORAN::APJ2002,
    author = {{Horan}, D. and others},
    title = "{Detection of the BL Lacertae Object H1426+428 at TeV Gamma-Ray Energies}",
    journal = {\apj},
    year = 2002,
    month = jun,
    volume = 571,
    pages = {753-762}
}

@ARTICLE{REF::KOSACK::APJ2004,
    author = {{Kosack}, K. and others},
    title = "{TeV Gamma-Ray Observations of the Galactic Center}",
    journal = {\apj},
    year = 2004,
    month = jun,
    volume = 608,
    pages = {L97-L100}
}

@ARTICLE{REF::HOLDER::APJ2003,
    author = {{Holder}, J. and others},
    title = "{Detection of TeV Gamma Rays from the BL Lacertae Object 1ES 1959+650 with the Whipple 10 Meter Telescope}",
    journal = {\apj},
    year = 2003,
    month = jan,
    volume = 583,
    pages = {L9-L12}
}

@INPROCEEDINGS{REF::BRADBURY::KRUGER1997,
    author = {{Bradbury}, S.~M. and others},
    title = "{A Pattern Selection Trigger For The Whipple 10m Telescope}",
    location = {Kruger Park, South Africa},
    year = 1997,
    booktitle = {Towards a Major Atmospheric Cherenkov Detector V},
    page = 345,
    editor = {{De Jager}, O.C.}
}

@TECHREPORT{REF::WROTNIAK::1984,
    author = {{Wrotniak}, J.~A.},
    institution = "{University of Maryland}",
    year = 1984,
    pages = {85-191},
    howpublished = {(unpublished)}
}

@INPROCEEDINGS{REF::HILLAS::ICRC1981,
    author = {{Hillas}, A.~M.},
    title = "{Two Interesting Techniques for Monte-Carlo Simulation of Very High Energy Hadron Cascades}",
    location = {Paris, France},
    year = 1981,
    booktitle = {Proc. 17th International Cosmic Ray Conference},
    volume = 8,
    pages = {193-196}
}

@ARTICLE{REF::STENLUND_OTTERLUND::CERN1984,
    author = {{Stenlund}, E. and {Otterlund}, I.},
    title = "{Do pseudo-rapidity distributions from proton-nucleus interactions scale?}",
    year = 1984,
    journal = {CERN Reports},
    volume = {EP/82-42}
}

@ARTICLE{REF::OTTERLUND::NUCPHYSA1984,
    author = {{Otterlund}, I.},
    title = "{Review of high energy hadron-nucleus data}",
    year = 1984,
    journal = {\nucphysa},
    volume = 418,
    pages = {87-116}
}

@ARTICLE{REF::GAISSER::PHYSREVD1988,
    author = {{Gaisser}, T.~K. and {Stanev}, T. and {Barr}, G.},
    title = "{Cosmic-ray neutrinos in the atmosphere}",
    year = 1988,
    journal = {\physrevd},
    month = jul,
    volume = 38,
    pages = {85-95}
}

@ARTICLE{REF::ROSSI_GREISEN::REVMODPHYS1941,
    author = {{Rossi}, B. and {Greisen}, K.},
    title = "{Cosmic-Ray Theory}",
    year = 1941,
    month = oct,
    journal = {\revmodphys},
    volume = 13,
    pages = {240-331}
}

@TECHREPORT{REF::HECK::FZKA1998,
    author = {{Heck}, D. and {Knapp}, J. and {Capdevielle}, J.~N. and 
              {Schatz} G. and {Thouw}, T.},
    title = "{CORSIKA: A Monte Carlo Code to simulate Extensive Air Showers}",
    year = 1998,
    type = {Forschungszentrum Karlsruhe Report FZKA},
    number = 6019
}

@BOOK{REF::WONG::BOOK1994,
    author = {{Wong}, Cheuk-Yin},
    title = "{Introduction to High-Energy Heavy-Ion Collisions}",
    publisher = {World Scientific},
    year = 1994
}

@ARTICLE{REF::CAPELLA::PR1994,
    author = {{Capella}, A. and others},
    title = "{Dual Parton Model}",
    year = 1994,
    journal = {Physics Reports},
    volume = 236,
    number = {4\&5},
    pages = {225-329}
}

@INPROCEEDINGS{REF::FOREMAN::AAS2001,
    author = {{Foreman}, J. and others},
    title = "{Confirmed Identification of the BL Lac Object 3EG~J0433+2908}",
    year = 2001,
    month = dec,
    booktitle = {\bulaas},
    volume = {33},
    page = 1453,
}     

@ARTICLE{REF::SOWARDS_EMMERD::APJ2003,
    author = {{Sowards-Emmerd}, D. and others},
    title = "{The Gamma-Ray Blazar Content of the Northern Sky}",
    year = 2003,
    month = jun,
    journal = {\apj},
    volume = 590,
    number = 1,
    pages = {109-122}
}


@MISC{REF::QUINN::2001CASAMEMO,
    title = "{Analysis of 2000/2001 Cassiopeia A Data}",
    author = {{Quinn}, J. and {Hughes}, P. and {Gammell}, S.},
    year = 2001,
    month = aug,
    URL = "{http://veritas.sao.arizona.edu/private/observer/Memos/CasA-anly-00-01_jq-pg-sg_20aug01.ps.gz}"
}

@MISC{REF::DELACALLEPEREZ::2001TRACKINGRATIO,
    title = "{Tracking Ratio Stability}",
    author = {{de la Calle-P\'{e}rez}, I. and {Holder}, J.},
    year = 2001,
    month = sep,
    URL = "{http://veritas.sao.arizona.edu/private/observer/Memos/trk-ratio-stability_ic-jh_03sep01.ps.gz}"
}

@PHDTHESIS{REF::DELACALLEPEREZ::2002THESIS,
    title = "{Detection of High Energy Gamma-Rays from X-ray selected Blazars}",
    author = {{de la Calle-P\'{e}rez}, I.},
    year = 2002,
    month = nov,
    school = {University College Leeds, U.K.}
}

@ARTICLE{REF::QUINN::APJ1996,
   author = {{Quinn}, J. and others},
   title = "{Detection of Gamma Rays with E$>$300 GeV from Markarian 501}",
   journal = {\apj},
   year = 1996,
   month = jan,
   volume = 456,
   pages = {L83}
}

@ARTICLE{REF::REIMER::MNRAS2001,
   author = {{Reimer}, O. and others},
    title = "{Multifrequency studies of the enigmatic gamma-ray source 3EG J1835+5918}",
  journal = {\mnras},
     year = 2001,
    month = jun,
   volume = 324,
    pages = {772-780}
}

@ARTICLE{REF::LEWIS::EXPASTRO1990,
   author = {{Lewis}, D.~A.},
    title = "{Optical characteristics of the Whipple observatory TeV gamma-ray imaging telescope}",
  journal = {Experimental Astronomy},
     year = 1990,
    month = apr,
   volume = 1,
    pages = {213-226}
}

@MISC{REF::LEWIS::1998REFLECTORDESIGN,
    title = "{Notes on Reflector Design}",
    author = {{Carter-Lewis}, D. and others},
    year = 1998,
    month = aug,
    URL = "{http://veritas.sao.arizona.edu/private/observer/Memos/reflector-design_07aug98.tar}"
}

@ARTICLE{REF::PDG::2006,
   author = {{Yao}, W.~M. and others},
    title = {The Review of Particle Physics},
  journal = {Journal of Physics G},
     year = 2006,
   volume = 33,
    pages = 1
}

@BOOK{REF::PRESS::BOOK1992,
    title = "{Numerical Recipies in C}",
    author = {{Press}, W.~H. and {Teukolsky}, S.~A. and {Vetterling}, W.~T. and {Flannery}, B.~P.},
    edition = {second},
    publisher = {Cambridge University Press},
    year = 1992
}

@MISC{REF::FEGAN::VERITAS_SIM_ELOG_99_2005,
    title = "{Extrapolation of Purdue quantum efficiency measurements}",
    author = {{Fegan}, S.~J.},
    year = 2005,
    howpublished = "{VERITAS collaboration internal note}",
    url = "{http://veritas.sao.arizona.edu/private/elog/Simulations-WG/99}"
}

@MISC{REF::FINLEY::QE_MEASUREMENTS_2005,
    title = "{Purdue quantum efficiency measurements}",
    author = {{Finley}, J.~P.},
    year = 2005,
    howpublished = "{VERITAS collaboration meeting, Montreal, July 2005}",
    url = "{http://veritas.sao.arizona.edu/private/Meetings/observer.Meetings.MontrealCollab_jul05/finley_PMTqes.ppt}"
}

@MISC{REF::FALCONE::VERITAS_SIM_ELOG_103_2005,
    title = "{Extrapolation of Purdue mirror reflectivity measurements}",
    author = {{Falcone}, A.},
    year = 2005,
    howpublished = "{VERITAS collaboration internal note}",
    url = "{http://veritas.sao.arizona.edu/private/elog/Simulations-WG/103}"
}

@MISC{REF::FEGAN::VERITAS_MEMO_OPTICS_2005,
    title = "{Optical ray-tracing for VERITAS}",
    author = {{Fegan}, S.~J. and {Vassiliev}, V.~V.},
    year = 2005,
    month = jan,
    howpublished = "{VERITAS collaboration internal memo}",
    URL = "{http://veritas.sao.arizona.edu/private/observer/Memos/VERITAS-optics_sjf-vvv.pdf}"
}

@MISC{REF::HUMENSKY::FALL_STATUS_2007,
    title = "{Fall VERITAS Status}",
    author = {{Humensky}, B.},
    year = 2007,
    month = jan,
    location = {Tucson, AZ},
    howpublished = "{Presentation at VERITAS collaboration meeting}",
    URL = "{http://veritas.sao.arizona.edu/private/Meetings/observer.Meetings/TucsonCollab_jan07/5.3 - B. Humensky - VERITAS Engineering.ppt}"
}

@PHDTHESIS{REF::SCHROEDTER::2004THESIS,
    title = "{The Very High Energy Gamma-Ray Spectra of AGN}",
    author = {{Schroedter}, Martin},
    year = 2004,
    school = {University of Arizona, U.S.A.}
}

@PHDTHESIS{REF::NAGAI::2005THESIS,
    title = "{Search for TeV gamma-ray emission from nearby starburst galaxies}",
    author = {{Nagai}, T.},
    year = 2005,
    school = {University of Utah, U.S.A.}
}

@ARTICLE{REF::VACANTI::APP1994,
   author = {{Vacanti}, G. and others},
    title = "{Muon ring images with an atmospheric {\v C}erenkov telescope}",
  journal = {\app},
     year = 1994,
    month = feb,
   volume = 2,
    pages = {1-11}
}

@MISC{REF::FINLEY::QE_PRIV_2007,
    author = {{Finley}, J.~P.},
    year = 2007,
    howpublished = "{private communication}"
}

@MISC{REF::ROVERO::QE_1994,
    author = {{Rovero}, A.},
    year = 1994,
    howpublished = "{Measurements available in KASCADE and CORSIKA}"
}

@MISC{REF::HOLDER_BOND::2003,
    title = "{Light Cones and Muons on the 10m}",
    author = {{Holder}, J. and {Bond}, I.},
    year = 2003,
    howpublished = "{VERITAS collaboration internal memo}"
}

@MISC{REF::HOLDER_MAIER::CALIBRATION2005,
    title = "{Absolute Calibration Status of VERITAS Telescope 1}",
    author = {{Holder}, J. and {Maier}, G.},
    year = 2005,
    month = {may},
    howpublished = "{VERITAS collaboration internal memo}",
    URL = "{http://veritas.sao.arizona.edu/private/elog/VBC/050526_121849/calib.ps}"
}

@BOOK{REF::PHOTONIS::BOOK2002,
    year = {2002},
    title = "{Photomultiplier Tubes; Principles and Applications}",
    booktitle = {Cosmic Gamma-ray Sources},
    publisher = {Photonis Imaging Sensors, Brive, France},
    editor = {{Flyckt}, S.-O. and {Marmonier}, C.}
}

@BOOK{REF::JELLEY::BOOK1958,
    author = {{Jelley}, J.~V.},
    title = "{\v Cerenkov Radiation and its Applications}",
    publisher = {Pergamon Press},
    year = 1958
}

@INPROCEEDINGS{REF::MAIER::ICRC2007_STATUS,
    author = {{Maier}, G. and others},
    title = "{VERITAS: Status and Latest Results}",
    location = {Merida, Mexico},
    year = 2007,
    booktitle = {Proc. 30th International Cosmic Ray Conference},
    volume = {OG2.7}
}

@INPROCEEDINGS{REF::COGAN::ICRC07_VEGAS,
    author = {{Cogan}, P. and others},
    title = "{VEGAS , the VERITAS Gamma-ray Analysis Suite}",
    location = {Merida, Mexico},
    year = 2007,
    booktitle = {Proc. 29th International Cosmic Ray Conference},
    volume = {OG2.7}
}

@INPROCEEDINGS{REF::DANIEL::ICRC07_ANALYSIS,
    author = {{Daniel}, M. and others},
    title = "{The VERITAS Standard Data Analysis}",
    location = {Merida, Mexico},
    year = 2007,
    booktitle = {Proc. 29th International Cosmic Ray Conference},
    volume = {OG2.7}
}

@ARTICLE{REF::SCHWARZSCHILD::AMKS1905,
   author = {{Schwarzschild}, K.},
    title = "{Untersuchungen zur geometrischen Optik II}",
  journal = {Astronomische Mittheilungen von der Koeniglichen Sternwarte zu Goettingen},
     year = 1905,
   volume = 10,
    pages = {3-28}
}

@ARTICLE{REF::COUDER::CRAS1926,
   author = {{Couder}, A.},
  journal = {Compt. Rend. Acad. Sci., Paris},
     year = 1926,
   volume = 1276,
    pages = {45-}
}

@ARTICLE{REF::WYMAN_KORSCH::AO1975,
   author = {{Wyman}, C.L. and {Korsch}, D.},
    title = "{Aplanatic two-mirror telescopes - A systematic study. III - The Schwarzschild-Couder configuration}",
  journal = {Applied Optics},
     year = 1975, 
   volume = 14, 
    pages = {992-995}
}

@ARTICLE{REF::WILLSTROP::MNRAS1983,
   author = {{Willstrop}, R.V.},
    title = "{The Couder telescope - Better than the Schmidt?}",
  journal = {MNRAS},
     year = 1983,
   volume = 204,
    pages = {99-103}
}

@ARTICLE{REF::WILLSTROP::MNRAS1984,
   author = {{Willstrop}, R.V.},
    title = "{The modified Couder telescope}",
  journal = {MNRAS},
     year = 1984,
   volume = 209,
    pages = {587-606}
}

@ARTICLE{REF::VASSILIEV::APP2007,
   author = {{Vassiliev}, V. and {Fegan}, S. and {Brousseau}, P.},
    title = "{Wide field aplanatic two-mirror telescopes for ground-based gamma-ray astronomy}",
  journal = {\app},
     year = 2007,
   volume = "{in press}",
    pages = "{astro-ph/0612718}"
}

@ARTICLE{REF::LYNDENBELL::MNRAS2002,
   author = {{Lynden-Bell}, D.},
    title = "{Exact optics: a unification of optical telescope design}",
  journal = {MNRAS},
     year = 2002,
   volume = 334,
    pages = {787-796}
}

@ARTICLE{REF::WILLSTROP::MNRAS2003,
   author = {{Willstrop}, R.V. and {Lynden-Bell}, D.},
    title = "{Exact optics - II. Exploration of designs on- and off-axis}",
  journal = {MNRAS},
     year = 2003,
   volume = 342,
    pages = {33-49}
}

@INPROCEEDINGS{REF::VASSILIEV_HEASTRO_2005,
   author = {{Vassiliev}, V. and {Fegan}, S.},
    title = "{High Energy All Sky Transient Radiation Observatory}",
 location = {Palaiseau, France},
booktitle = "{Proc. Towards a Major Atmospheric Cerenkov Detector VII, B. Degrange, G. Fontaine (Ed.)}",
    year = {2005},
   pages = {445--456}
}

@ARTICLE{REF::AHARONIAN::HESS_CRAB_2006,
   author = {{Aharonian}, F. and others},
    title = "{Observations of the Crab nebula with HESS}",
  journal = {\aap},
     year = 2006,
    month = oct,
   volume = 457,
    pages = {899-915}
}

@ARTICLE{REF::VASSILIEV::CHESS_2000,
   author = {{Vassiliev}, V.~V. and {Border}, P.~M. and {Mualem}, L. and 
	{Ruddick}, K. and {Wakely}, S.~P.},
    title = "{CHESS: a rapid Cherenkov and Electromagnetic Shower Simulator}",
  journal = {\app},
     year = 2000,
    month = mar,
   volume = 13,
    pages = {87-105}
}

@INPROCEEDINGS{REF::KHELIFI::ICRC2007_CRAB,
    author = {{Kh\'{e}lifi}, B. and others},
    title = "{Crab nebula spectrum as seen by H.E.S.S.}",
    location = {Merida, Mexico},
    year = 2007,
    booktitle = {Proc. 30th International Cosmic Ray Conference},
}
